% This file was created with JabRef 2.6.
% Encoding: UTF8

@ELECTRONIC{iptables-howto,
  author = {Rusty Russell},
  month = jun,
  year = {2002},
  title = {{Linux 2.4 Packet Filtering HOWTO}},
  url = {http://netfilter.org/documentation/HOWTO/packet-filtering-HOWTO.html},
  owner = {pk},
  timestamp = {2013.04.20}
}

@MISC{latex-wikibook,
  title = {LaTeX - Wikibooks, open books for an open world},
  owner = {pierre},
  timestamp = {2013.02.18},
  url = {http://en.wikibooks.org/wiki/LaTeX}
}

@comment{jabref-meta: selector_publisher:}

@comment{jabref-meta: selector_author:}

@comment{jabref-meta: selector_journal:}

@comment{jabref-meta: selector_keywords:}

